<record><leader>00000cas a22000007  4500</leader><controlfield tag="001">11364326</controlfield><controlfield tag="008">841108d19131919ncuwn n       0   a0eng d</controlfield><datafield ind1=" " ind2=" " tag="010"><subfield code="a">sn 92073019 </subfield></datafield><datafield ind1=" " ind2=" " tag="040"><subfield code="a">EWF</subfield><subfield code="b">eng</subfield><subfield code="c">EWF</subfield><subfield code="d">NVJ</subfield><subfield code="d">OCLCQ</subfield></datafield><datafield ind1=" " ind2=" " tag="042"><subfield code="a">msc</subfield></datafield><datafield ind1="0" ind2=" " tag="130"><subfield code="a">State journal (Raleigh, N.C. : Weekly)</subfield></datafield><datafield ind1="1" ind2="4" tag="245"><subfield code="a">The state journal.</subfield></datafield><datafield ind1=" " ind2=" " tag="260"><subfield code="a">Raleigh, N.C. :</subfield><subfield code="b">State Journal Co.,</subfield></datafield><datafield ind1=" " ind2=" " tag="300"><subfield code="a">v.</subfield></datafield><datafield ind1=" " ind2=" " tag="310"><subfield code="a">Weekly</subfield></datafield><datafield ind1="0" ind2=" " tag="362"><subfield code="a">vol. 1, no. 1 (Feb. 7, 1913)-v. 8, no. 1 (Jan. 3, 1919).</subfield></datafield><datafield ind1=" " ind2=" " tag="515"><subfield code="a">Suspended from May 8, 1914-Jan. 1, 1915.</subfield></datafield><datafield ind1=" " ind2=" " tag="752"><subfield code="a">United States</subfield><subfield code="b">North Carolina</subfield><subfield code="c">Wake</subfield><subfield code="d">Raleigh.</subfield></datafield><datafield ind1="1" ind2=" " tag="029"><subfield code="a">AU@</subfield><subfield code="b">000025851250</subfield></datafield></record>